<?xml version="1.0" encoding="UTF-8"?><collection xmlns="http://www.loc.gov/MARC21/slim"><record><leader>00378nam--2200133-i-4500</leader><controlfield tag="001">000015988</controlfield><controlfield tag="002">20161230</controlfield><controlfield tag="005">20161230201031</controlfield><controlfield tag="008">060222s1000------------r-----000-0-eng-d</controlfield><datafield ind1=" " ind2=" " tag="080"><subfield code="a">621.311(083.1)</subfield></datafield><datafield ind1=" " ind2=" " tag="100"><subfield code="a">Badulescu, N</subfield></datafield><datafield ind1=" " ind2=" " tag="245"><subfield code="a">Linii si statii electrice.indrumator.editia a iii-a revazuta si completata</subfield></datafield><datafield ind1=" " ind2=" " tag="260"><subfield code="a">Bucuresti, Editura Tehnica, 1967. 840 P</subfield></datafield><datafield ind1=" " ind2=" " tag="852"><subfield code="a">76585</subfield></datafield></record></collection>